@Article{Aghion1992,
  author={Aghion, Philippe and Howitt, Peter},
  title={{A Model of Growth through Creative Destruction}},
  journal={Econometrica},
  year={1992},
  volume={60},
  number={2},
  pages={323-351},
}

@ARTICLE{Aghion2001,
title = {Competition, Imitation and Growth with Step-by-Step Innovation},
author = {Philippe Aghion, Christopher Harris Peter Howitt and John Vickers},
year = {2001},
journal = {Review of Economic Studies},
volume = {68},
number = {3},
pages = {467-492},
}

@techreport{Ufuk2016,
 title = "Growth Through Heterogeneous Innovations",
 author = "Ufuk Akcigit and William R. Kerr",
 journal = "Journal of Political Economy",
 type = "forthcoming",
 year = "2016",
}

@ARTICLE{Grossman1991,
title = {Quality Ladders in the Theory of Growth},
author = {Grossman, Gene M. and Helpman, Elhanan},
year = {1991},
journal = {Review of Economic Studies},
volume = {58},
number = {1},
pages = {43-61},
}

@ARTICLE{KK2004,
title = {Innovating Firms and Aggregate Innovation},
author = {Tor Jacob Klette and Samuel Kortum},
year = {2004},
journal = {Journal of Political Economy},
volume = {112},
number = {5},
pages = {986-1018},
}

@ARTICLE{Romer1990,
title = {Endogenous Technological Change},
author = {Paul Romer},
year = {1990},
journal = {Journal of Political Economy},
volume = {98},
number = {5},
pages = {S71-102},
}